
@inproceedings{GASTIN2001Fast,
  title={Fast LTL to B\"{u}chi automata translation},
  author={GASTIN and Paul and ODDOUX and Denis},
  booktitle={International Conference on Computer Aided Verification},
  year={2001},
}


@inproceedings{Chen2013A,
  title={A Formal Approach to Deployment of Robotic Teams in an Urban Like Environment},
  author={Chen, Yushan and Ding, Xu Chu and Stefanescu, Alin and Belta, Calin},
  booktitle={International Symposium on Distributed Autonomous Robotics System},
  year={2013},
}

@article{chen2012formal,
  title={Formal approach to the deployment of distributed robotic teams},
  author={Chen, Yushan and Ding, Xu Chu and Stefanescu, Alin and Belta, Calin},
  journal={IEEE Transactions on Robotics},
  volume={28},
  number={1},
  pages={158--171},
  year={2012},
  publisher={IEEE}
}

@inproceedings{guo2013revising,
  title={Revising motion planning under linear temporal logic specifications in partially known workspaces},
  author={Guo, Meng and Johansson, Karl H and Dimarogonas, Dimos V},
  booktitle={Robotics and Automation (ICRA), 2013 IEEE International Conference on},
  pages={5025--5032},
  year={2013},
  organization={IEEE}
}

@article{guo2015multi,
  title={Multi-agent plan reconfiguration under local LTL specifications},
  author={Guo, Meng and Dimarogonas, Dimos V},
  journal={The International Journal of Robotics Research},
  volume={34},
  number={2},
  pages={218--235},
  year={2015},
  publisher={SAGE Publications Sage UK: London, England}
}

@inproceedings{guo2013reconfiguration,
  title={Reconfiguration in motion planning of single-and multi-agent systems under infeasible local LTL specifications},
  author={Guo, Meng and Dimarogonas, Dimos V},
  booktitle={Decision and Control (CDC), 2013 IEEE 52nd Annual Conference on},
  pages={2758--2763},
  year={2013},
  organization={IEEE}
}

@article{wongpiromsarn2012receding,
  title={Receding horizon temporal logic planning},
  author={Wongpiromsarn, Tichakorn and Topcu, Ufuk and Murray, Richard M},
  journal={IEEE Transactions on Automatic Control},
  volume={57},
  number={11},
  pages={2817--2830},
  year={2012},
  publisher={IEEE}
}

@inproceedings{tumova2014receding,
  title={A receding horizon approach to multi-agent planning from local LTL specifications},
  author={Tumova, Jana and Dimarogonas, Dimos V},
  booktitle={American Control Conference (ACC), 2014},
  pages={1775--1780},
  year={2014},
  organization={IEEE}
}

@incollection{schillinger2018decomposition,
  title={Decomposition of finite LTL specifications for efficient multi-agent planning},
  author={Schillinger, Philipp and B{\"u}rger, Mathias and Dimarogonas, Dimos V},
  booktitle={Distributed Autonomous Robotic Systems},
  pages={253--267},
  year={2018},
  publisher={Springer}
}

@article{meyer2017hierarchical,
  title={Hierarchical decomposition of LTL synthesis problem for mixed-monotone control systems},
  author={Meyer, Pierre-Jean and Dimarogonas, Dimos V},
  journal={arXiv preprint arXiv:1712.06014},
  year={2017}
}

@article{al2018efficient,
  title={Efficient Decentralized LTL Monitoring Framework Using Tableau Approach},
  author={Al-Bataineh, Omar},
  journal={arXiv preprint arXiv:1803.02051},
  year={2018}
}

@inproceedings{tumova2015decomposition,
  title={Decomposition of multi-agent planning under distributed motion and task LTL specifications},
  author={Tumova, Jana and Dimarogonas, Dimos V},
  booktitle={Decision and Control (CDC), 2015 IEEE 54th Annual Conference on},
  pages={7448--7453},
  year={2015},
  organization={IEEE}
}

@inproceedings{guo2014cooperative,
  title={Cooperative decentralized multi-agent control under local LTL tasks and connectivity constraints},
  author={Guo, Meng and Tumova, Jana and Dimarogonas, Dimos V},
  booktitle={Decision and Control (CDC), 2014 IEEE 53rd Annual Conference on},
  pages={75--80},
  year={2014},
  organization={IEEE}
}

@inproceedings{guo2014distributed,
  title={Distributed plan reconfiguration via knowledge transfer in multi-agent systems under local LTL specifications},
  author={Guo, Meng and Dimarogonas, Dimos V},
  booktitle={Robotics and Automation (ICRA), 2014 IEEE International Conference on},
  pages={4304--4309},
  year={2014},
  organization={IEEE}
}

@article{guo2017task,
  title={Task and motion coordination for heterogeneous multiagent systems with loosely coupled local tasks},
  author={Guo, Meng and Dimarogonas, Dimos V},
  journal={IEEE Transactions on Automation Science and Engineering},
  volume={14},
  number={2},
  pages={797--808},
  year={2017},
  publisher={IEEE}
}


@book{baier2008principles,
  title={Principles of model checking},
  author={Baier, Christel and Katoen, Joost-Pieter},
  year={2008},
  publisher={MIT press}
}

@inproceedings{guo2013motion,
  title={Motion and action planning under LTL specifications using navigation functions and action description language},
  author={Guo, Meng and Johansson, Karl H and Dimarogonas, Dimos V},
  booktitle={Intelligent Robots and Systems (IROS), 2013 IEEE/RSJ International Conference on},
  pages={240--245},
  year={2013},
  organization={IEEE}
}
